%Online
@online{vo2020,
  author    = {Vorname Online},
  title     = {Titel Online},
  year      = {2020},
  url       = {https://google.com},
  urldate   = {2020-10-14},
}
%Literatur
@book{voli2020,
  title     = {Titel Literatur},
  publisher = {Springer Vieweg},
  year      = {2020},
  author    = {Vorname Literatur},
  isbn      = {123-4-567-89101-1}
}

@book{mahu2020,
  title     = {Kausalanalyse mit maschinellem Lernen},
  publisher = {Springer Fachmedien Wiesbaden GmbH},
  year      = {2020},
  author    = {Huber, Martin}
}
%Sonstige
@misc{us2020,
  author    = {{Unternehmen Sonstige GmbH}},
  title     = {Titel Sonstige},
  url       = {https://www.google.com},
  urldate   = {2020-10-14},
}